% State of the Art

@misc{bahdanau2016neural,
      title={Neural Machine Translation by Jointly Learning to Align and Translate}, 
      author={Dzmitry Bahdanau and Kyunghyun Cho and Yoshua Bengio},
      year={2016},
      eprint={1409.0473},
      archivePrefix={arXiv},
      primaryClass={cs.CL}
}

@article{radford2019language,
  title={Language models are unsupervised multitask learners},
  author={Radford, Alec and Wu, Jeffrey and Child, Rewon and Luan, David and Amodei, Dario and Sutskever, Ilya and others},
  journal={OpenAI blog},
  volume={1},
  number={8},
  pages={9},
  year={2019}
}

@inproceedings{lin-2004-rouge,
    title = "{ROUGE}: A Package for Automatic Evaluation of Summaries",
    author = "Lin, Chin-Yew",
    booktitle = "Text Summarization Branches Out",
    month = jul,
    year = "2004",
    address = "Barcelona, Spain",
    publisher = "Association for Computational Linguistics",
    url = "https://aclanthology.org/W04-1013",
    pages = "74--81",
}


@article{DBLP:journals/corr/GuZZK16,
  author    = {Xiaodong Gu and
               Hongyu Zhang and
               Dongmei Zhang and
               Sunghun Kim},
  title     = {Deep {API} Learning},
  journal   = {CoRR},
  volume    = {abs/1605.08535},
  year      = {2016},
  url       = {http://arxiv.org/abs/1605.08535},
  eprinttype = {arXiv},
  eprint    = {1605.08535},
  timestamp = {Fri, 19 Aug 2022 14:48:10 +0200},
  biburl    = {https://dblp.org/rec/journals/corr/GuZZK16.bib},
  bibsource = {dblp computer science bibliography, https://dblp.org}
}

@INPROCEEDINGS{9894203,
  author={Vasili≈£a, Irina and Bucnaru, Raluca Ioana and Barbu, Alexandru and Pavel, Andrei and Hoamea, Teodora and Simionescu, Cristian and Iftene, Adrian},
  booktitle={2022 International Conference on INnovations in Intelligent SysTems and Applications (INISTA)}, 
  title={Renewable Energy Investment Calculator}, 
  year={2022},
  volume={},
  number={},
  pages={1-6},
  doi={10.1109/INISTA55318.2022.9894203}}

@misc{sutskever2014sequence,
      title={Sequence to Sequence Learning with Neural Networks}, 
      author={Ilya Sutskever and Oriol Vinyals and Quoc V. Le},
      year={2014},
      eprint={1409.3215},
      archivePrefix={arXiv},
      primaryClass={cs.CL}
}

@article{shariff2018moral,
  title={The Moral Machine experiment},
  author={Shariff, Azim and Rahwan, Iyad and Bonnefon, Jean-Fran{\c{c}}ois},
  journal={Nature},
  volume={563},
  number={7729},
  pages={59--64},
  year={2018},
  publisher={Nature Publishing Group}
}

@article{greene2016driverless,
  title={Our driverless dilemma},
  author={Greene, Joshua D},
  journal={Science},
  volume={352},
  number={6293},
  pages={1514--1515},
  year={2016},
  publisher={American Association for the Advancement of Science}
}

@article{mcdermid2021ethics,
  title={Ethics and Artificial Intelligence in Autonomous Vehicles: A Review},
  author={McDermid, John R and others},
  journal={IEEE Transactions on Intelligent Transportation Systems},
  volume={22},
  number={7},
  pages={3806--3819},
  year={2021},
  publisher={IEEE}
}

@article{millar2022ethical,
  title={Ethical Valence Theory for Autonomous Systems},
  author={Millar, Cameron and Gella, Francesca and Friedman, Batya},
  journal={Science and Engineering Ethics},
  volume={28},
  number={1},
  year={2022},
  publisher={Springer}
}

@misc{ecguidelines2019,
  title={Ethics Guidelines for Trustworthy AI},
  author={European Commission},
  year={2019},
  howpublished={\url{https://digital-strategy.ec.europa.eu/en/library/ethics-guidelines-trustworthy-ai}}
}

@article{awad2018moral,
  title={The moral machine experiment},
  author={Awad, Edmond and Dsouza, Sohan and Kim, Richard and others},
  journal={Nature},
  volume={563},
  number={7729},
  pages={59--64},
  year={2018},
  publisher={Nature Publishing Group}
}

@article{goodall2014ethics,
  title={Machine ethics and automated vehicles},
  author={Goodall, Noah J},
  journal={In Road Vehicle Automation},
  pages={93--102},
  year={2014},
  publisher={Springer}
}

@misc{sae2018j3016,
  title={Taxonomy and Definitions for Terms Related to Driving Automation Systems for On-Road Motor Vehicles},
  author={SAE International},
  year={2018},
  note={SAE J3016\_201806},
  url={https://www.sae.org/standards/content/j3016_201806/}
}

@article{jobin2019global,
  title={The global landscape of AI ethics guidelines},
  author={Jobin, Anna and Ienca, Marcello and Vayena, Effy},
  journal={Nature Machine Intelligence},
  volume={1},
  number={9},
  pages={389--399},
  year={2019},
  publisher={Nature Publishing Group}
}

@article{binns2018fairness,
  title={Fairness in machine learning: Lessons from political philosophy},
  author={Binns, Reuben},
  journal={Proceedings of the 2018 Conference on Fairness, Accountability and Transparency},
  pages={149--159},
  year={2018}
}

@book{jurafsky2023speech,
  title={Speech and Language Processing},
  author={Jurafsky, Dan and Martin, James H},
  edition={3rd},
  year={2023},
  publisher={Pearson}
}